@misc{garden, 
    title={The three sisters: Corn, beans, and squash}, 
    url={https://www.almanac.com/content/three-sisters-corn-bean-and-squash}, 
    journal={Almanac.com}, 
    publisher={The Old Farmer's Almanac}, 
    author={Catherine Boeckman}, 
    year={2022}, 
    month={May}} 
